@online{db_react,
	author	=	{KONECT},
	title     = {Reactome network dataset},
	url	= {http://konect.uni-koblenz.de/networks/reactome}
}
@article{brandes,
	title={A faster algorithm for betweenness centrality},
	author={Brandes, Ulrik},
	journal={Journal of mathematical sociology},
	volume={25},
	number={2},
	pages={163--177},
	year={2001},
	publisher={Taylor \& Francis}
}
@online{brandes_slides,
	author	=	{Andrea Marino},
	title     = {Centrality Measures - Computing Closeness and Betweenness},
	url	= {http://pages.di.unipi.it/marino/centrality18.pdf}
}
@misc{db_fb,
	author       = {Jure Leskovec and Andrej Krevl},
	title        = {{SNAP Datasets}: {Stanford} Large Network Dataset Collection - Social circles: Facebook},
	howpublished = {\url{http://snap.stanford.edu/data/ego-Facebook.html}},
}